@online{Consepto.de,
    author = "María Estela Raffino",
    title = "Memoria RAM",
    url  = "https://concepto.de/memoria-ram/",
    addendum = "(accessed: 11.07.2020)",
}

@online{M_ROM,
    author = "Victoria Bembibre",
    title = "Definición de memoria ROM",
    url  = "https://www.definicionabc.com/tecnologia/memoria-rom.php",
    addendum = "(accessed: 01.2009)",
}
@misc{Taller,
    author			= {Augsuto Salazar},
    title			= {Nociones de la memoria del computador},
    year			= {2020},
    }
    